@book{GAMMAETAL,
  added-at = {2010-05-26T14:08:08.000+0200},
  address = {Boston, MA, USA},
  author = {Gamma, Erich and Helm, Richard and Johnson, Ralph and Vlissides, John},
  biburl = {http://www.bibsonomy.org/bibtex/2b555af743ada2076f3e5ef02991ab78d/minas},
  description = {design patterns marie robot software},
  interhash = {666db7e026c02bfa3e89b7b2772d18a2},
  intrahash = {b555af743ada2076f3e5ef02991ab78d},
  isbn = {0-201-63361-2},
  keywords = {1995 patterns},
  publisher = {Addison-Wesley Longman Publishing Co., Inc.},
  timestamp = {2010-05-26T14:08:08.000+0200},
  title = {Design patterns: elements of reusable object-oriented software},
  year = 1995
}

@phdthesis{Fielding:2000:ASD:932295,
 author = {Fielding, Roy Thomas},
 title = {Architectural styles and the design of network-based software architectures},
 year = {2000},
 isbn = {0-599-87118-0},
 note = {AAI9980887},
 school = {University of California, Irvine},
}