@misc{draft-ietf-core-coap-12,
  author="CoRE Working Group and Z. Shelby and K. Hartke and C. Bormann and B. Frank",
  title="{Constrained Application Protocol (CoAP) draft-ietf-core-coap-12}",
  series="Internet-Draft",
  howpublished="work in progress",
  publisher="IETF",
  organization="Internet Engineering Task Force",
  year=2012,
  month=oct,
    url="http://datatracker.ietf.org/doc/draft-ietf-core-coap/",
}

@misc{draft-ietf-core-coap-13,
  author="CoRE Working Group and Z. Shelby and K. Hartke and C. Bormann and B. Frank",
  title="{Constrained Application Protocol (CoAP) draft-ietf-core-coap-13}",
  series="Internet-Draft",
  howpublished="work in progress",
  publisher="IETF",
  organization="Internet Engineering Task Force",
  year=2012,
  month=dec,
    url="http://datatracker.ietf.org/doc/draft-ietf-core-coap/",
}

@misc{draft-ietf-core-groupcomm-05,
  author="CoRE Working Group and A. Rahman, Ed. and E. Dijk, Ed.",
  title="{Group Communication for CoAP draft-ietf-core-groupcomm-05}",
  series="Internet-Draft",
  howpublished="work in progress",
  publisher="IETF",
  organization="Internet Engineering Task Force",
  year=2013,
  month=feb,
    url="http://datatracker.ietf.org/doc/draft-ietf-core-groupcomm/",
}

@misc{draft-ietf-core-block-10,
  author="CoRE Working Group and C. Bormann and Z. Shelby, Ed.",
  title="{Blockwise transfers in CoAP draft-ietf-core-block-10}",
  series="Internet-Draft",
  howpublished="work in progress",
  publisher="IETF",
  organization="Internet Engineering Task Force",
  year=2012,
  month=oct,
    url="http://datatracker.ietf.org/doc/draft-ietf-core-block/",
}

@misc{draft-becker-core-coap-sms-gprs-03,
  author="CoRE Working Group and M. Becker, Ed. and K. Li and K. Kuladinithi and T. Poetsch",
  title="{Transport of CoAP over SMS, USSD and GPRS draft-becker-core-coap-sms-gprs-03}",
  series="Internet-Draft",
  howpublished="work in progress",
  publisher="IETF",
  organization="Internet Engineering Task Force",
  year=2013,
  month=feb,
    url="http://datatracker.ietf.org/doc/draft-becker-core-coap-sms-gprs/",
}

@misc{draft-bormann-core-ipsec-for-coap-00,
  author="CoRE Working Group and C. Bormann",
  title="{Using CoAP with IPsec draft-bormann-core-ipsec-for-coap-00}",
  series="Internet-Draft",
  howpublished="work in progress",
  publisher="IETF",
  organization="Internet Engineering Task Force",
  year=2012,
  month=dec,
    url="http://datatracker.ietf.org/doc/draft-bormann-core-ipsec-for-coap/",
}

@misc{draft-rahman-core-sleepy-01,
  author="CoRE Working Group and A. Rahman",
  title="{Enhanced Sleepy Node Support for CoAP draft-rahman-core-sleepy-01}",
  series="Internet-Draft",
  howpublished="work in progress",
  publisher="IETF",
  organization="Internet Engineering Task Force",
  year=2012,
  month=oct,
    url="http://datatracker.ietf.org/doc/draft-rahman-core-sleepy/",
}

@misc{draft-rahman-core-sleepy-problem-statement-01,
  author="CoRE Working Group and A. Rahman and T. Fossati and S. Loreto and M. Vial",
  title="{Sleepy Devices in CoAP - Problem Statement draft-rahman-core-sleepy-problem-statement-01}",
  series="Internet-Draft",
  howpublished="work in progress",
  publisher="IETF",
  organization="Internet Engineering Task Force",
  year=2012,
  month=oct,
    url="http://datatracker.ietf.org/doc/draft-rahman-core-sleepy-problem-statement/",
}

@misc{draft-ietf-core-observe-07,
  author="CoRE Working Group and K. Hartke",
  title="{Observing Resources in CoAP draft-ietf-core-observe-07}",
  series="Internet-Draft",
  howpublished="work in progress",
  publisher="IETF",
  organization="Internet Engineering Task Force",
  year=2012,
  month=oct,
    url="http://datatracker.ietf.org/doc/draft-ietf-core-observe/",
}


                       